@INCOLLECTION{adams,
  YEAR = {2012},
  BOOKTITLE = {Machine Learning and Knowledge Discovery in Databases},
  VOLUME = {7524},
  SERIES = {Lecture Notes in Computer Science},
  EDITOR = {Flach, Peter A. and Bie, Tijl and Cristianini, Nello},
  TITLE = {{S}cientific {W}orkflow {M}anagement with {ADAMS}},
  PUBLISHER = {Springer Berlin Heidelberg},
  AUTHOR = {Reutemann, Peter and Vanschoren, Joaquin},
  PAGES = {833-837},
}

@ARTICLE{weka,
  AUTHOR = {Remco R. Bouckaert and Eibe Frank and Mark A. Hall and Geoffrey Holmes and Bernhard Pfahringer and Peter Reutemann and Ian H. Witten},
  TITLE = {{WEKA} -- {E}xperiences with a {J}ava {O}pen-{S}ource {P}roject},
  JOURNAL = {Journal of Machine Learning Research},
  YEAR = 2010,
  VOLUME = 11,
  PAGES = {2533--2541},
}

@ARTICLE{moa,
  TITLE = {{MOA}: {M}assive {O}nline {A}nalysis},
  AUTHOR = {Albert Bifet and  Geoff Holmes and Richard Kirkby and Bernhard Pfahringer },
  JOURNAL = {Journal of Machine Learning Research (JMLR)},
  YEAR = {2010},
}
